<record><leader>00000cas a22000007a 4500</leader><controlfield tag="001">9711460</controlfield><controlfield tag="008">830718d18921896nbuwr ne      0   a0eng d</controlfield><datafield ind1=" " ind2=" " tag="010"><subfield code="a">sn 83025633 </subfield></datafield><datafield ind1=" " ind2=" " tag="040"><subfield code="a">NPV</subfield><subfield code="b">eng</subfield><subfield code="c">NPV</subfield><subfield code="d">NPI</subfield><subfield code="d">NVG</subfield><subfield code="d">CUS</subfield><subfield code="d">CUI</subfield></datafield><datafield ind1=" " ind2=" " tag="042"><subfield code="a">msc</subfield></datafield><datafield ind1=" " ind2=" " tag="043"><subfield code="a">n-us-in</subfield></datafield><datafield ind1=" " ind2=" " tag="045"><subfield code="a">w9w9</subfield></datafield><datafield ind1=" " ind2="4" tag="050"><subfield code="a">AN</subfield></datafield><datafield ind1=" " ind2=" " tag="052"><subfield code="a">4093</subfield><subfield code="b">M3</subfield></datafield><datafield ind1="0" ind2="4" tag="245"><subfield code="a">The American nonconformist.</subfield></datafield><datafield ind1=" " ind2=" " tag="260"><subfield code="a">Indianapolis, Ind. :</subfield><subfield code="b">Vincent Bros. Pub. Co.,</subfield><subfield code="c">1892-1899.</subfield></datafield><datafield ind1=" " ind2=" " tag="310"><subfield code="a">Weekly</subfield></datafield><datafield ind1=" " ind2=" " tag="336"><subfield code="a">text</subfield><subfield code="b">txt</subfield><subfield code="2">rdacontent</subfield></datafield><datafield ind1=" " ind2=" " tag="337"><subfield code="a">unmediated</subfield><subfield code="b">n</subfield><subfield code="2">rdamedia</subfield></datafield><datafield ind1=" " ind2=" " tag="338"><subfield code="a">volume</subfield><subfield code="b">nc</subfield><subfield code="2">rdacarrier</subfield></datafield><datafield ind1="0" ind2=" " tag="362"><subfield code="a">Whole no. 630 (July 21, 1892)-whole no. 973 (Feb. 23, 1899).</subfield></datafield><datafield ind1=" " ind2=" " tag="500"><subfield code="a">Published in Indianapolis, Ind., July 21, 1892-Mar. 17, 1898, in Omaha, Neb., Mar. 24, 1898-Feb. 23, 1899.</subfield></datafield><datafield ind1=" " ind2=" " tag="500"><subfield code="a">"A weekly journal devoted to the interests of the wealth-providing classes."</subfield></datafield><datafield ind1=" " ind2=" " tag="515"><subfield code="a">Issues for July 21, 1892-June 15, 1893 also called v. 13, no. 6-v. 14, no. 1.</subfield></datafield><datafield ind1=" " ind2=" " tag="752"><subfield code="a">United States</subfield><subfield code="b">Nebraska</subfield><subfield code="c">Douglas</subfield><subfield code="d">Omaha.</subfield></datafield><datafield ind1=" " ind2=" " tag="752"><subfield code="a">United States</subfield><subfield code="b">Nebraska</subfield><subfield code="c">Marion</subfield><subfield code="d">Indianapolis.</subfield></datafield><datafield ind1="0" ind2="8" tag="776"><subfield code="t">American Nonconformist (Online)</subfield><subfield code="w">(OCoLC)664149768</subfield></datafield><datafield ind1="0" ind2="0" tag="780"><subfield code="t">American nonconformist and industrial liberator</subfield><subfield code="w">(DLC)sn 83025632</subfield><subfield code="w">(OCoLC)9711080</subfield></datafield><datafield ind1="0" ind2="0" tag="785"><subfield code="t">Nonconformist (Omaha, Neb.)</subfield></datafield><datafield ind1="4" ind2="0" tag="856"><subfield code="z">America's Historical Newspapers, 1690-1922: 11/11/1886 to 04/02/1896</subfield><subfield code="u">http://infoweb.newsbank.com/?db=EANX&amp;s_browseRef=decades/1148B0C0EBF87070/all.xml</subfield></datafield></record>